<record><leader>00000cas a22000007a 4500</leader><controlfield tag="001">14874420</controlfield><controlfield tag="008">861125d18981927wiucr ne      0    0eng d</controlfield><datafield ind1=" " ind2=" " tag="010"><subfield code="a">sn 86086810 </subfield></datafield><datafield ind1=" " ind2=" " tag="040"><subfield code="a">NPV</subfield><subfield code="b">eng</subfield><subfield code="c">NPV</subfield><subfield code="d">OCLCQ</subfield></datafield><datafield ind1=" " ind2=" " tag="042"><subfield code="a">msc</subfield></datafield><datafield ind1="0" ind2=" " tag="130"><subfield code="a">Journal-gazette (Monroe, Wis.)</subfield></datafield><datafield ind1="1" ind2="4" tag="245"><subfield code="a">The journal-gazette.</subfield></datafield><datafield ind1="1" ind2="3" tag="246"><subfield code="a">Journal-sun-gazette</subfield></datafield><datafield ind1="1" ind2="7" tag="246"><subfield code="a">Monroe journal-gazette</subfield></datafield><datafield ind1=" " ind2=" " tag="260"><subfield code="a">Monroe, Wis. :</subfield><subfield code="b">L.A. Woodle,</subfield><subfield code="c">1898-1927.</subfield></datafield><datafield ind1=" " ind2=" " tag="300"><subfield code="a">v.</subfield></datafield><datafield ind1=" " ind2=" " tag="310"><subfield code="a">Semiweekly</subfield></datafield><datafield ind1=" " ind2=" " tag="321"><subfield code="a">Weekly,</subfield><subfield code="b">1898-1903</subfield></datafield><datafield ind1="0" ind2=" " tag="362"><subfield code="a">Vol. 19, no. 26 (July 26, 1898)-v. 39, no. 56 (July 15, 1927).</subfield></datafield><datafield ind1=" " ind2=" " tag="752"><subfield code="a">United States</subfield><subfield code="b">Wisconsin</subfield><subfield code="c">Green</subfield><subfield code="d">Monroe.</subfield></datafield><datafield ind1="0" ind2="4" tag="780"><subfield code="t">County journal (Monroe, Wis.)</subfield><subfield code="w">(DLC)sn 86086809</subfield></datafield><datafield ind1="0" ind2="4" tag="780"><subfield code="t">Monroe sun-gazette</subfield><subfield code="w">(DLC)sn 86086789</subfield></datafield></record>